@article{ref:alam,
	author		= {Alam, A. H. M. and Pilger, R. H.},
	title		= {Salt tectonics and Cretaceous uplift, westernmost
             central Mississippi Salt Basin, Madison Parish, Louisiana},
	journal		= {Gulf Coast Association of Geologic Societies Transactions},
	publisher	= {A. G. Publisher},
	pages		= {225--230},
  volume  =  {v.38}
	year		= {1988}
}

@mastersthesis{ref:doug,
  author = {Doug, K.},
  title = {Facies-driven, seismic inversion-based property modeling 
           for flow simulation of Delhi oil field, Lousiana}
  school = {Colorado School of Mines}
  year = {2012}
}

@mastersthesis{ref:nick,
  author = {Silvis, N.},
  title = {Reservoir Characterization to Determine Tertiary CO$_2$ Flow Paths
            in the Holt- Bryant Reservoir, Delhi Field, Northeastern Louisiana}
  school = {Colorado School of Mines}
  year = {2011}
}

@mastersthesis{ref:holly,
  author = {Robisnso, H.},
  title = {Seismic reservoir characterization of distributary channel sandstones
           in the Lower Cretaceous Paluxy reservoir, Delhi Field, Louisiana,}
  school = {Colorado School of Mines}
  year = {2012}
}

@mastersthesis{ref:assem,
  author = {Bibalova, A.},
  title = {Prediction of petrophysical properties from p-wave seismic data, Delhi Field, Louisiana}
  school = {Colorado School of Mines}
  year = {2012}
}

@misc{ref:Wikipedia,
	author		= {Wikipedia},
	title		= {{S}trong {B}ad --- {W}ikipedia{,} {T}he {F}ree {E}ncyclopedia},
	howpublished= {\url{http://en.wikipedia.org/w/index.php?title=Strong_Bad&oldid=274899439}},
	year		= {2009}
}

@book{ref:bloomer,
  title={Subsurface Study of the Delhi Area, Franklin and Richland Parishes, Lousiana},
  author={Bloomer, P.A.},
  series={Geological pamphlet // State of Louisiana, Department of Conservation},
  url={http://books.google.com/books?id=-UeBYgEACAAJ},
  year={1946},
  publisher={Department of Conservation}
}

